% This file was created with JabRef 2.10.
% Encoding: Cp1252


@Manual{zigbeegateway,
  Title                    = {Network Device Gateway Specification},
  Author                   = {ZigBee Alliance},
  Month                    = {April},
  Organization             = {ZigBee Alliance},
  Year                     = {2011},

  Owner                    = {Luqman},
  Timestamp                = {2015.05.16}
}

@Manual{zigbeeGateway2,
  Title                    = {Understanding ZigBee Gateway},
  Author                   = {ZigBee Alliance},
  Month                    = {September},
  Organization             = {ZigBee Alliance},
  Year                     = {2010},

  Owner                    = {Luqman},
  Timestamp                = {2015.05.16}
}

@Article{AshtonIot,
  Title                    = {That 'internet of things' thing},
  Author                   = {Ashton, Kevin},
  Journal                  = {RFiD Journal},
  Year                     = {2009},
  Number                   = {7},
  Pages                    = {97--114},
  Volume                   = {22}
}

@Book{GatewayIbmRedbooks,
  Title                    = {Introduction to Networking Technologies},
  Author                   = {Burnie Blakeley, Deborah J. Boyd, Steve Smith},
  Publisher                = {IBM Redbooks},
  Year                     = {1994}
}

@Other{CiscoIot,
  Title                    = {The Internet of Things},
  Author                   = {Cisco},
  Date                     = {10 Maret 2015},
  Url                      = {http://share.cisco.com/internet-of-things.html}
}

@Book{farahani2011zigbee,
  Title                    = {ZigBee wireless networks and transceivers},
  Author                   = {Farahani, Shahin},
  Publisher                = {Newnes},
  Year                     = {2011}
}

@InProceedings{guinard2010sharing,
  Title                    = {Sharing using social networks in a composable web of things},
  Author                   = {Guinard, Dominique and Fischer, Mathias and Trifa, Vlad},
  Booktitle                = {Pervasive Computing and Communications Workshops (PERCOM Workshops), 2010 8th IEEE International Conference on},
  Year                     = {2010},
  Organization             = {IEEE},
  Pages                    = {702--707}
}

@Article{GubbiIot,
  Title                    = {Internet of Things (IoT): A vision, architectural elements, and future directions},
  Author                   = {J. Gubby, R.Buyya, S.Marusic, dan M. Palaniswami},

  Date                     = {2013},
  Journaltitle             = {Elsevier},
  Optvolume                = {29}
}

@Article{LuigiSIoT,
  Title                    = {SIoT: Giving a Social Structure to the Internet of Things},
  Author                   = {Luigi Atzori, Antonio Iera, Giacomo Morabito},

  Date                     = {November 2011},
  Journaltitle             = {IEEE Communications Letters}
}

@Other{SkripsiNina,
  Title                    = {Implementasi zigbee \textit{coordinator} dengan REST},
  Author                   = {Nisrina Luthfiyati},
  Date                     = {Juni 2014}
}

@Other{SkripsiFarah,
  Title                    = {Implementasi \textit{Home Automation Gateway} untuk IOT \textit{Cloud Service} berbasis ZigBee \textit{Network}},
  Author                   = {Fauziah Rahmawati},
  Date                     = {Januari 2015}
}

@InProceedings{Trifa09Gateway,
  Title                    = {Design and Implementation of a Gateway for Web-based Interaction and Management of Embedded Devices},
  Author                   = {Vlad Trifa and Samuel Wieland and Dominique Guinard and Thomas Michael Bohnert},
  Booktitle                = {Proceedings of the 2nd International Workshop on Sensor Network Engineering (IWSNE’09)},
  Year                     = {2009},

  Address                  = {Marina del Rey, CA, USA},
  Month                    = {June}
}
@inproceedings{hunkeler2008mqtt,
	title={MQTT-S—A publish/subscribe protocol for Wireless Sensor Networks},
	author={Hunkeler, Urs and Truong, Hong Linh and Stanford-Clark, Andy},
	booktitle={Communication systems software and middleware and workshops, 2008. comsware 2008. 3rd international conference on},
	pages={791--798},
	year={2008},
	organization={IEEE}
}
@misc{mqtt.org,
	author = {MQTT},
	title = {Frequently Asked Question},
	url = {mqtt.org/faq},
	note = {Accessed: 2015-05-19}
}
@misc{hiveMQtopic,
	author = {HiveMQ},
	title = {MQTT Essentials Part 5: MQTT Topics and Best Practice},
	url = {http://www.hivemq.com/mqtt-essentials-part-5-mqtt-topics-best-practices},
	note = {Accessed: 2015-05-20}
}